@Article{ng2008,
  author = 	 {K. W. Ng and M.-L. Tang and M. Tan and G.-L. Tian},
  title = 	 {Grouped {D}irichlet Distribution: A New Tool for Incomplete Categorical Analysis},
  journal = 	 {Journal of Multivariate Analysis},
  year = 	 {2008},
  volume =	 {99},
  pages =	 {490--509}
}

@Manual{rcore2016,
    title = {\proglang{R}: A Language and Environment for Statistical Computing},
    author = {{\proglang{R} Core Team}},
    organization = {\proglang{R} Foundation for Statistical Computing},
    address = {Vienna, Austria},
    year = {2016},
    url = {https://www.R-project.org/}
}

@Article{connor1969,
  author = 	 {R. J. Connor and J. E. Mosimann},
  title = 	 {Concepts of Independence for Proportions with a Generalization of the Dirichlet Distribution},
  journal = 	 {Journal of the American Statistical Association},
  year = 	 {1969},
  volume =	 {64},
  number =	 {325},
  pages =	 {194--206},
  month =	 {March}
}

@Article{wong1998,
  author = 	 {T.-T. Wong},
  title = 	 {Generalized Dirichlet Distribution in Bayesian Analysis},
  journal = 	 {Applied Mathematics and Computation},
  year = 	 {1998},
  volume =	 {97},
  pages =	 {165--181}
}

@Article{zermelo1929,
  author = 	 {E. Zermelo},
  title = 	 {Die Berechnung der Turnier-Ergebnisse als ein Maximum-problem der Wahrscheinlichkeitsrechnung},
  journal = 	 {Mathematische Zeitschrift},
  year = 	 {1929},
  volume =	 {29},
  pages =	 {436--460}
}

@PhdThesis{oneill2008,
  author = 	 {S. J. O'Neill},
  title = 	 {An Iconic Approach to Representing Climate Change},
  school = 	 {School of Environmental Science, University of East Anglia},
  year = 	 {2007}
}
                  
@Article{oneill2009,
  author = 	 {S. J. O'Neill and M. Hulme},
  title = 	 {An iconic approach for representing climate change},
  journal = 	 {Global Environmental Change},
  year = 	 {2009},
  volume =	 {19},
  pages =	 {402--410}
  }

@InProceedings{lorenzoni2005,
  author = 	 {I. Lorenzoni and N. Pidgeon},
  title = 	 {Defining Dangers of Climate Change and Individual Behaviour: Closing the Gap},
  booktitle =	 {Avoiding Dangerous Climate Change},
  year =	 {2005},
  organization = {UK Met Office},
  note =	 {Exeter, 1-3 February}
}

@Article{esty1992,
  author = 	 {W. W. Esty},
  title = 	 {Votes or Competitions Which Determine a Winner by Estimating Expected Plurality},
  journal = 	 {Journal of the American Statistical Association},
  year = 	 {1992},
  volume =	 {87},
  number =	 {418},
  pages =	 {373--375},
  month =	 {June}
}

@Book{edwards1992,
  author =	 {A. W. F. Edwards},
  title = 	 {Likelihood (Expanded Edition)},
  publisher = 	 {John Hopkins},
  year = 	 {1992}
}

@Book{moser2007,
  editor =	 {S. C. Moser and L. Dilling},
  title = 	 {Creating a Climate for Change: Communicating Climate Change and Facilitating Social Change},
  publisher = 	 {Cambridge University Press},
  year = 	 {2007}
}

@Article{carron2002,
  author = 	 {A. V. Carron and S. R. Bray and M. A. Eys},
  title = 	 {Team Cohesion and Team Success in Sport},
  journal = 	 {Journal of Sports Sciences},
  year = 	 {2002},
  volume =	 {20},
  pages =	 {119--126},
}

@Misc{west2008a,
  author =	 {L. J. West},
  howpublished = {Personal Communication},
  year =	 {2008},
  note =	 {Verbal report from Bournemouth Tennis Centre, Dorset, UK}
}

@Book{cayer2004,
  author =	 {L. Cayer},
  title = 	 {Doubles Tennis Tactics},
  publisher = 	 {Human Kinetics},
  year = 	 {2004}
}

@Book{zipf1949,
  author =	 {G. Zipf},
  title = 	 {Human Behavior and the Principle of Least Effort},
  publisher = 	 {Addison-Wesley},
  year = 	 {1949}
}

@Book{evans2000,
  author =	 {M. Evans and T. Swartz},
  title = 	 {Approximating Integrals via Monte Carlo and Deterministic Methods},
  publisher = 	 {Oxford University Press},
  year = 	 {2000}
}

@Article{bradley1952,
  author = 	 {R. A. Bradley and M. E. Terry},
  title = 	 {The Rank Analysis of Incomplete Block Designs I.  The Method of Paired Comparisons},
  journal = 	 {Biometrika},
  year = 	 {1952},
  volume =	 {39},
  pages =	 {324--345}
}

@Article{bradley1954,
  author = 	 {R. A. Bradley},
  title = 	 {Incomplete Block Rank Analysis: On the Appropriateness of the Model for a Method of Paired Comparisons},
  journal = 	 {Biometrics},
  year = 	 {1954},
  volume =	 {10},
  number =	 {3},
  pages =	 {375--390},
  month =	 {September}
}

@Article{paulino1995,
  author = 	 {C. D. M. Paulino and {de Bragan\c{c}a Pereira}, C. A.},
  title = 	 {Bayesian Methods for Categorical Data Under Informative General Censoring},
  journal = 	 {Biometrika},
  year = 	 {1995},
  volume =	 {82},
  number =	 {2},
  pages =	 {439--446}
}

@Article{paulino1991,
  author = 	 {C. D. M. Paulino},
  title = 	 {Analysis of Incomplete Categorical Data: A Survey of the Conditional Maximum Likelihood and Weighted Least Squares Approaches},
  journal = 	 {Brazilian Journal of Probability and Statistics},
  year = 	 {1991},
  volume =	 {5},
  pages =	 {1--42}
}

@Article{altham1971,
  author = 	 {P. M. E. Altham},
  title = 	 {The analysis of matched proportions},
  journal = 	 {Biometrika},
  year = 	 {1971},
  volume =	 {58},
  number =       {3},
  pages =	 {561--576}
}

@Article{lin2009,
  author = 	 {Y. Lin and S. Lipsitz and D. Sinha and A. A. Gawande and S. E. Regenbogen and C. C. Greenberg},
  title = 	 {Using {B}ayesian $p$-values in a $2\times 2$ table of matched pairs with incompletely classified data},
  journal = 	 {Journal of the Royal Statistical Society, Series C},
  year = 	 {2009},
  volume =	 {58},
  number =	 {2},
  note =         {Published Online: Jan 22 2009 5:54PM},
  doi =          {10.1111/j.1467-9876.2008.00645.x}
}

@Article{chen1999,
  author = 	 {H. Y. Chen and R. J. A. Little},
  title = 	 {A test of missing completely at random for generalized estimating equations},
  journal = 	 {Biometrika},
  year = 	 {1999},
  volume =	 {86},
  pages =	 {1--13}
}

@Article{west2008,
    title = {Exact Tests for Two-Way Contingency Tables with Structural Zeros},
    author = {Luke J. West and R. K. S. Hankin},
    journal = {Journal of Statistical Software},
    year = {2008},
    volume = {28},
    number = {11},
    doi = {10.18637/jss.v028/i11}
}

  @Manual{hankin2009,
    title = {\pkg{hyperdirichlet}: A generalization of the Dirichlet distribution},
    author = {R. K. S. Hankin},
    year = {2009},
    note = {\proglang{R} package version 1.4-2; vignette therein based on a manuscript recently accepted by the {\em Journal of Statistical Software}},
    url = {https://www.R-project.org}
}

@Misc{altham2009,
  author =	 {P. M. E. Altham},
  year =	 {2009},
  note =	 {worksheet 20},
   url =         {http://www.statslab.cam.ac.uk/~pat/misc.ps}
}

@article{hankin2008,
  author = {R. K. S. Hankin},
  title = {{{P}rogrammers' {N}iche}: {M}ultivariate polynomials in \proglang{R}},
  journal = {\proglang{R} News},
  year = 2008,
  volume = 8,
  number = 1,
  pages = {41--45},
  month = {May},
  url = {http://CRAN.R-project.org/doc/Rnews/},
  pdf = {http://CRAN.R-project.org/doc/Rnews/Rnews_2008-1.pdf}
}

@article{hankin2010,
  title        = "A Generalization of the Dirichlet Distribution",
  author       = "R. K. S. Hankin",
  journal      = "Journal of Statistical Software",
  year         = "2010",
  volume       = "33",
  number       = "11",
  pages        = "1--18",
  doi          = "10.18637/jss.v033.i11"
}

@Article{altham2010,
  author = 	 {P. M. E. Altham and R. K. S. Hankin},
  title = 	 {Using recently developed software on a 2x2 table of matched pairs with incompletely classified data},
  journal = 	 {Journal of the Royal Statistical Society, series C},
  year = 	 {2010},
  volume =	 {59},
  number =	 {2},
  pages =	 {377--379}
}

@Book{aitchison1986,
  author =       {J. Aitchison},
  title = 	 {The Statistical Analysis of Compositional Data},
  publisher = 	 {The Blackburn Press},
  year = 	 {1986}
  }

@Book{stroustrup1997,
  author =	 {B. Stroustrup},
  title = 	 {The \proglang{C++} Programming Language},
  publisher = 	 {Addison Wesley},
  year = 	 {1997},
  edition =      {Third}
}

@book{musser2009,
 author = {Musser, David R. and Derge, Gillmer J. and Saini, Atul},
 title = {STL Tutorial and Reference Guide: C++ Programming with the Standard Template Library},
 year = {2009},
 isbn = {0321702123, 9780321702128},
 edition = {3rd},
 publisher = {Addison-Wesley Professional}
 }

@article{critchlow1991,
  author = {Critchlow, D. E. and Fligner, M. A. and Verducci, J. S},
  title = {Probability models on rankings},
  journal = {Journal of Mathematical Psychology},
  year = {1991},
  volume = {35},
  pages = {294--318}
  }

@Book{luce1959,
  author =	 {R. Luce},
  title = 	 {Individual choice behaviour: A theoretical analysis},
  publisher = 	 {Wiley},
  year = 	 {1959},
  address =	 {New York}
  }

@Article{caron2012,
  author = 	 {F. Caron and A. Doucet},
  title = 	 {Efficient {B}ayesian inference for generalized {B}radley-{T}erry models},
  journal = 	 {Journal of Computational and Graphical Statistics},
  year = 	 {2012},
  volume =	 {21},
  number =	 {1},
  pages =	 {174--196}
  }

@Book{critchlow1985,
  author =	 {Critchlow, D. E.},
  title = 	 {Metric methods for analyzing partially ranked data},
  publisher = 	 {Springer-Verlag},
  year = 	 {1985},
  address =	 {New York}
  }

@Article{plackett1975,
  author = 	 {R. L. Plackett},
  title = 	 {The analysis of permutations},
  journal = 	 {Applied Statistics},
  year = 	 {1975},
  volume =	 {24},
  pages =	 {193--202}
  }

@misc{wikipedia_masterchef2017,
   author = "Wikipedia",
   title = "MasterChef Australia --- Wikipedia{,} The Free Encyclopedia",
   year = "2017",
   url = "https://en.wikipedia.org/w/index.php?title=MasterChef_Australia&oldid=761024807",
   note = "[Online; accessed 1-February-2017]"
 }

@misc{wikipedia_masterchef_australia_series6,
   author = "Wikipedia",
   title = "MasterChef Australia (series 6) --- Wikipedia{,} The Free Encyclopedia",
   year = "2017",
   url = "https://en.wikipedia.org/w/index.php?title=MasterChef_Australia_(series_6)&oldid=762395535",
   note = "[Online; accessed 1-February-2017]"
 }

@Article{mollica2014,
  author = 	 {C. Mollica and L. Tardella},
  title = 	 {Epitope profiling via mixture modeling of ranked data},
  journal = 	 {Statistics in Medicine},
  year = 	 {2014},
  volume =	 {33},
  pages =	 {3738--3758}
  }
  
@Article{hunter2004,
  author = 	 {D. R. Hunter},
  title = 	 {{M}{M} algorithms for generalized {B}radley-{T}erry models},
  journal = 	 {The Annals of Statistics},
  year = 	 {2004},
  volume =	 {32},
  number =	 {1},
  pages =	 {384--406}
  }

@Article{allison1994,
  author = 	 {P. D. Allison and N. A. Christakis},
  title = 	 {Logit models for sets of ranked items},
  journal = 	 {Sociological Methodology},
  year = 	 {1994},
  volume =	 {24},
  pages =	 {199--228}
  }
                  
@Manual{maystre2022,
  title = 	 {\pkg{choix}: inference algorithms for models based on {L}uce's choice axiom},
  author =	 {L. Maystre},
  year =	 {2022},
  note =	 {\proglang{Python} package version 0.3.5},
  url =          {https://github.com/lucasmaystre/choix}
}
@Manual{rcore2023,
    title = {\proglang{R}: A Language and Environment for Statistical Computing},
    author = {{\proglang{R} {Core} {Team}}},
    organization = {\proglang{R} {Foundation} for {Statistical} {Computing}},
    address = {Vienna, Austria},
    year = {2023},
    url = {https://www.R-project.org/},
  }

@Article{turner2012,
    title = {{B}radley-{T}erry Models in \proglang{R}: The \pkg{BradleyTerry2} Package},
    author = {Heather Turner and David Firth},
    journal = {Journal of Statistical Software},
    year = {2012},
    volume = {48},
    number = {9},
    pages = {1--21},
    doi = {10.18637/jss.v048.i09}
  }
                  
@Article{turner2020,
    title =   {Modelling Rankings in \proglang{R}: The \pkg{PlackettLuce} Package},
    author =  {Heather L. Turner and Jacob {van Etten} and David Firth
      and Ioannis Kosmidis},
    journal = {Computational Statistics},
    year =    {2020},
    volume =  {35},
    pages =   {1027--1057},
    url =     {https://doi.org/10.1007/s00180-020-00959-3},
    doi =     {10.1007/s00180-020-00959-3},
  }
                  
@Article{wilcoxon1945,
  author = 	 {F. Wilcoxon},
  title = 	 {Individual Comparisons by Ranking Methods},
  journal = 	 {Biometrics Bulletin},
  year = 	 {1945},
  volume =	 {1},
  number =	 {6},
  pages =	 {80--83},
  month =	 {December},
  doi =          {https://doi.org/10.2307/3001968}
  }

@Article{hatzinger2012,
    title = {prefmod: An {R} package for modeling preferences based on paired comparisons, rankings, or ratings},
    author = {R. Hatzinger and R. Dittrich},
    year   = {2012},
    journal = {Journal of Statistical Software},
    volume = {48},
    issue = {10},
    pages = {1--31}
    }

@Article{hankin2017_rmd,
  author = 	 {R. K. S. Hankin},
  title = 	 {Partial rank data with the {\tt hyper2} package:
                  likelihood functions for generalized {B}radley-{T}erry models},
  journal = 	 {The R Journal},
  year = 	 {2017},
  volume =	 {9},
  number =	 {2},
  pages =	 {429--439},
  month =	 {December}
  }

@Article{hankin2017_rnw,
  author = 	 {R. K. S. Hankin},
  title = 	 {Partial rank data with the \pkg{hyper2} package:
                  likelihood functions for generalized Bradley-Terry models},
  journal = 	 {The R Journal},
  year = 	 {2017},
  volume =	 {9},
  number =	 {2},
  pages =	 {429--439},
  month =	 {December}
  }

@Article{firth2005,
    title = {{B}radley-{T}erry Models in {R}},
    author = {David Firth},
    journal = {Journal of Statistical Software},
    year = {2005},
    volume = {12},
    number = {1},
    month = {January}
  }
                  
@Article{baker1994,
  author = 	 {S. G. Baker},
  title = 	 {The multinomial-{P}oisson transformation},
  journal = 	 {The Statistician},
  year = 	 {1994},
  volume =	 {43},
  number =	 {4},
  pages =	 {495--504}
}
                  
@Article{hankin2020,
  author = 	 {R. K. S. Hankin},
  title = 	 {A generalization of the {B}radley-{T}erry model for draws in chess with an application to collusion},
  journal = 	 {Journal of Economic Behavior and Organization},
  year = 	 {2020},
  volume =	 {180},
  pages =	 {325--333}
  }
                  
@Manual{hankin2022,
    title = {\pkg{disordR}: Non-Ordered Vectors},
    author = {R. K. S. Hankin},
    year = {2022},
    note = {\proglang{R} package version 0.0-9-2},
    url = {https://github.com/RobinHankin/disordR},
  }
                  
@misc{hankin2022_disordR,
  doi = {10.48550/ARXIV.2210.03856},
  howpublished = {\url{https://arxiv.org/abs/2210.03856}},
  author = {R. K. S. Hankin},
  title = {Disordered vectors in {R}: introducing the {{\tt disordR}} package},
  publisher = {arXiv},
  year = {2022}
  }
                  


@Book{edwards1972,
  author =	 {A. W. F. Edwards},
  title = 	 {Likelihood},
  publisher = 	 {John Hopkins University Press},
  year = 	 {1972}
  }

@Article{mann1947,
  author = 	 {H. B. Mann and D. R. Whitney},
  title = 	 {On a Test of Whether One of Two Random Variables is Stochastically Larger than the Other},
  journal = 	 {Ann. Math. Statist.},
  year = 	 {1947},
  volume =	 {18},
  number =	 {1},
  pages =	 {50--60},
  month =	 {March},
  doi =          {https://doi.org/10.1214/aoms/1177730491}
  }

@Article{ahmad1996,
  author = 	 {I. A. Ahmad},
  title = 	 {A class of {M}ann-Whitney-{W}ilcoxon type statistics},
  journal = 	 {The American Statistician},
  year = 	 {1996},
  volume =	 {50},
  number =	 {4},
  pages =	 {324--327},
  month =	 {November}
  }

@Book{hollander2013,
  author =	 {M. Hollander and D. A. Wolfe and E. Chicken},
  title = 	 {Nonparametric Statistical Methods},
  publisher = 	 {John Wiley},
  year = 	 {2013},
  edition =      {3rd},
  note =	 {ISBN 9780470387375},
  doi =          {https://doi.org/10.1002/9781119196037}
}
                  
@Book{ohagan2004,
  author =	 {A. O'Hagan and J. Forster},
  title = 	 {Kendall's Advanced Theory of Statistics, Volume 2{B}: {B}ayesian Inference},
  publisher = 	 {John Wiley \& Sons},
  edition =      {2nd},
  year = 	 {2004},
  doi =          {https://doi.org/10.1111/j.1467-985x.2004.00347_15.x}
  }
                  
@Book{codling2017,
  author =	 {S. Codling},
  title = 	 {Speed read {F1}},
  publisher = 	 {Motorbooks},
  year = 	 {2017},
  note =	 {ISBN 978-0-7603-5562-6}
}
                  
@Article{jenkins2010,
  author = 	 {M. Jenkins},
  title = 	 {Technological discontinuities and competitive advantage: a historical perspective on {F}ormula 1 motor racing 1950-2006},
  journal = 	 {Journal of Management Studies},
  year = 	 {2010},
  volume =	 {47},
  number =	 {5},
  pages =	 {884-910},
  month =	 {July}
  }

@Article{hankin2023_formula1points,
  author = 	 {R. K. S. Hankin},
  title = 	 {An objective assessment of point scoring systems in {F}ormula 1 motor racing},
  journal = 	 {International Journal of Motorsport Management},
  year = 	 {2023},
  volume =	 {9},
  number =	 {1}
  }

@Article{munro2022,
  author = 	 {D. Munro},
  title = 	 {Are there lane advantages in track and field?},
  journal = 	 {PLoS ONE},
  year = 	 {2022},
  volume =	 {17},
  number =	 {8}
  }

@Article{hindley2020,
  author = 	 {D. Hindley},
  title = 	 {``More than just a run in the park'': an exploration of Parkrun as a shared leisure space},
  journal = 	 {Leisure Sciences},
  year = 	 {2020},
  volume =	 {42},
  number =	 {1},
  pages =	 {85--105}
  }


@Article{paul1995,
  author = 	 {S. R. Paul and A. S. Islam},
  title = 	 {Analysis of proportions in the presence of over-/under-dispersion},
  journal = 	 {Biometrics},
  year = 	 {1995},
  volume =	 {1},
  pages =	 {1400--1410},
  month =	 {December}
  }

@Article{prentice1986,
  author = 	 {R. L. Prentice},
  title = 	 {Binary regression using an extended beta-binomial distribution,
                        with discussion of correlation induced by covariate
			measurement errors},
  journal = 	 {Journal of the American Statistical Association},
  year = 	 {1986},
  volume =	 {81},
  number =	 {394},
  pages =	 {321--327},
  month =	 {June}
  }

