@Book{fischer1969,
  author =	 {R. Fischer},
  title = 	 {My 60 memorable games},
  publisher = 	 {Faber and Faber},
  year = 	 {1969}
  }

@Book{edwards1972,
  author =	 {A. W. F. Edwards},
  title = 	 {Likelihood},
  publisher = 	 {John Hopkins University Press},
  year = 	 {1972}
  }

@Book{adams2007,
  author =	 {W. W. Adams},
  title = 	 {White to play and win},
  publisher = 	 {Ishi Press International},
  year = 	 {2007}
  }

@Book{adorjan1988,
  author =	 {A. Adorj\'{a}n},
  title = 	 {Black is {O}{K}!},
  publisher = 	 {Batsford},
  year = 	 {1988}
  }

@Book{ohagan2004,
  author =	 {A. O'Hagan and J. Forster},
  title = 	 {Kendall's advanced theory of statistics, volume 2{B}: {B}ayesian inference},
  publisher = 	 {John Wiley \& Sons},
  edition =      {Second},
  year = 	 {2004}
  }

 @Manual{rcore2019,
    title = {R: A Language and Environment for Statistical Computing},
    author = {{R Core Team}},
    organization = {R Foundation for Statistical Computing},
    address = {Vienna, Austria},
    year = {2019},
    url = {https://www.R-project.org/}
  }

@Manual{rcore2022,
    title = {R: A Language and Environment for Statistical Computing},
    author = {{R Core Team}},
    organization = {R Foundation for Statistical Computing},
    address = {Vienna, Austria},
    year = {2022},
    url = {https://www.R-project.org/}
  }

@InProceedings{bakhrankova2011,
  author = 	 {K. Bakhrankova},
  title = 	 {Points Scoring Systems in Formula 1: A Game Theoretic Perspective},
  booktitle =	 {Operations Research Proceedings},
  year =	 {2011},
  editor =	 {D. Klatte},
  pages =	 {211--216},
  publisher =	 {Springer-Verlag}
  }

@Article{ng2008,
  author = 	 {K. W. Ng and M.-L. Tang and M. Tan and G.-L. Tian},
  title = 	 {Grouped {D}irichlet Distribution: A New Tool for Incomplete Categorical Analysis},
  journal = 	 {Journal of Multivariate Analysis},
  year = 	 {2008},
  volume =	 {99},
  pages =	 {490--509}
}

@Manual{rcore2016,
    title = {\proglang{R}: A Language and Environment for Statistical Computing},
    author = {{\proglang{R} Core Team}},
    organization = {\proglang{R} Foundation for Statistical Computing},
    address = {Vienna, Austria},
    year = {2016},
    url = {https://www.R-project.org/}
}

@Article{connor1969,
  author = 	 {R. J. Connor and J. E. Mosimann},
  title = 	 {Concepts of Independence for Proportions with a Generalization of the Dirichlet Distribution},
  journal = 	 {Journal of the American Statistical Association},
  year = 	 {1969},
  volume =	 {64},
  number =	 {325},
  pages =	 {194--206},
  month =	 {March}
}

@Article{wong1998,
  author = 	 {T.-T. Wong},
  title = 	 {Generalized Dirichlet Distribution in Bayesian Analysis},
  journal = 	 {Applied Mathematics and Computation},
  year = 	 {1998},
  volume =	 {97},
  pages =	 {165--181}
}

@Article{zermelo1929,
  author = 	 {E. Zermelo},
  title = 	 {Die Berechnung der Turnier-Ergebnisse als ein Maximum-problem der Wahrscheinlichkeitsrechnung},
  journal = 	 {Mathematische Zeitschrift},
  year = 	 {1929},
  volume =	 {29},
  pages =	 {436--460}
}

@PhdThesis{oneill2008,
  author = 	 {S. O'Neill},
  title = 	 {An Iconic Approach to Representing Climate Change},
  school = 	 {School of Environmental Science, University of East Anglia},
  year = 	 {2007}
}

@InProceedings{lorenzoni2005,
  author = 	 {I. Lorenzoni and N. Pidgeon},
  title = 	 {Defining Dangers of Climate Change and Individual Behaviour: Closing the Gap},
  booktitle =	 {Avoiding Dangerous Climate Change},
  year =	 {2005},
  organization = {UK Met Office},
  note =	 {Exeter, 1-3 February}
}

@Article{esty1992,
  author = 	 {W. W. Esty},
  title = 	 {Votes or Competitions Which Determine a Winner by Estimating Expected Plurality},
  journal = 	 {Journal of the American Statistical Association},
  year = 	 {1992},
  volume =	 {87},
  number =	 {418},
  pages =	 {373--375},
  month =	 {June}
}

@Book{edwards1992,
  author =	 {A. W. F. Edwards},
  title = 	 {Likelihood (Expanded Edition)},
  publisher = 	 {John Hopkins},
  year = 	 {1992}
}

@Book{moser2007,
  editor =	 {S. C. Moser and L. Dilling},
  title = 	 {Creating a Climate for Change: Communicating Climate Change and Facilitating Social Change},
  publisher = 	 {Cambridge University Press},
  year = 	 {2007}
}

@Article{carron2002,
  author = 	 {A. V. Carron and S. R. Bray and M. A. Eys},
  title = 	 {Team Cohesion and Team Success in Sport},
  journal = 	 {Journal of Sports Sciences},
  year = 	 {2002},
  volume =	 {20},
  pages =	 {119--126},
}

@Book{cayer2004,
  author =	 {L. Cayer},
  title = 	 {Doubles Tennis Tactics},
  publisher = 	 {Human Kinetics},
  year = 	 {2004}
}

@Book{zipf1949,
  author =	 {G. Zipf},
  title = 	 {Human Behavior and the Principle of Least Effort},
  publisher = 	 {Addison-Wesley},
  year = 	 {1949}
}

@Book{evans2000,
  author =	 {M. Evans and T. Swartz},
  title = 	 {Approximating Integrals via Monte Carlo and Deterministic Methods},
  publisher = 	 {Oxford University Press},
  year = 	 {2000}
}

@Article{bradley1954,
  author = 	 {R. A. Bradley},
  title = 	 {Incomplete Block Rank Analysis: On the Appropriateness of the Model for a Method of Paired Comparisons},
  journal = 	 {Biometrics},
  year = 	 {1954},
  volume =	 {10},
  number =	 {3},
  pages =	 {375--390},
  month =	 {September}
}

@Article{paulino1995,
  author = 	 {C. D. M. Paulino and {de Bragan\c{c}a Pereira}, C. A.},
  title = 	 {Bayesian Methods for Categorical Data Under Informative General Censoring},
  journal = 	 {Biometrika},
  year = 	 {1995},
  volume =	 {82},
  number =	 {2},
  pages =	 {439--446}
}

@Article{paulino1991,
  author = 	 {C. D. M. Paulino},
  title = 	 {Analysis of Incomplete Categorical Data: A Survey of the Conditional Maximum Likelihood and Weighted Least Squares Approaches},
  journal = 	 {Brazilian Journal of Probability and Statistics},
  year = 	 {1991},
  volume =	 {5},
  pages =	 {1--42}
}

@Article{altham1971,
  author = 	 {P. M. E. Altham},
  title = 	 {The analysis of matched proportions},
  journal = 	 {Biometrika},
  year = 	 {1971},
  volume =	 {58},
  number =       {3},
  pages =	 {561--576}
}

@Article{lin2009,
  author = 	 {Y. Lin and S. Lipsitz and D. Sinha and A. A. Gawande and S. E. Regenbogen and C. C. Greenberg},
  title = 	 {Using {B}ayesian $p$-values in a $2\times 2$ table of matched pairs with incompletely classified data},
  journal = 	 {Journal of the Royal Statistical Society C},
  year = 	 {2009},
  volume =	 {58},
  number =	 {2},
  note =         {Published Online: Jan 22 2009 5:54PM},
  doi =          {10.1111/j.1467-9876.2008.00645.x}
}

@Article{chen1999,
  author = 	 {H. Y. Chen and R. J. A. Little},
  title = 	 {A test of missing completely at random for generalized estimating equations},
  journal = 	 {Biometrika},
  year = 	 {1999},
  volume =	 {86},
  pages =	 {1--13}
}

@Manual{hankin2009,
    title = {\pkg{hyperdirichlet}: A generalization of the Dirichlet distribution},
    author = {R. K. S. Hankin},
    year = {2009},
    note = {R package},
    url = {http://www.R-project.org}
}
                  
@Misc{altham2009,
  author =	 {P. M. E. Altham},
  year =	 {2009},
  note =	 {worksheet 20},
   url =         {http://www.statslab.cam.ac.uk/~pat/misc.ps}
}

@article{hankin2008,
  author = {R. K. S. Hankin},
  title = {{{P}rogrammers' {N}iche}: {M}ultivariate polynomials in \proglang{R}},
  journal = {\proglang{R} News},
  year = 2008,
  volume = 8,
  number = 1,
  pages = {41--45},
  month = {May},
  url = {http://CRAN.R-project.org/doc/Rnews/},
  pdf = {http://CRAN.R-project.org/doc/Rnews/Rnews_2008-1.pdf}
}

@Article{altham2010,
  author = 	 {P. M. E. Altham and R. K. S. Hankin},
  title = 	 {Using recently developed software on a 2x2 table of matched pairs with incompletely classified data},
  journal = 	 {Journal of the Royal Statistical Society, series C},
  year = 	 {2010},
  volume =	 {59},
  number =	 {2},
  pages =	 {377--379}
}

@Article{turner2012,
    title = {{B}radley-{T}erry Models in {R}: The {BradleyTerry2} Package},
    author = {Heather Turner and David Firth},
    journal = {Journal of Statistical Software},
    year = {2012},
    volume = {48},
    number = {9},
    pages = {1--21},
    doi = {10.18637/jss.v033.i11}
  }

@Article{firth2005,
    title = {{B}radley-{T}erry Models in {R}},
    author = {David Firth},
    journal = {Journal of Statistical Software},
    year = {2005},
    volume = {12},
    number = {1},
    month = {January}
  }

@Book{aitchison1986,
  author =       {J. Aitchison},
  title = 	 {The Statistical Analysis of Compositional Data},
  publisher = 	 {The Blackburn Press},
  year = 	 {1986}
  }

@Book{stroustrup1997,
  author =	 {B. Stroustrup},
  title = 	 {The \proglang{C++} Programming Language},
  publisher = 	 {Addison Wesley},
  year = 	 {1997},
  edition =      {Third}
}

@book{musser2009,
 author = {Musser, David R. and Derge, Gillmer J. and Saini, Atul},
 title = {STL Tutorial and Reference Guide: C++ Programming with the Standard Template Library},
 year = {2009},
 isbn = {0321702123, 9780321702128},
 edition = {3rd},
 publisher = {Addison-Wesley Professional}
 }

@article{critchlow1991,
  author = {Critchlow, D. E. and Fligner, M. A. and Verducci, J. S},
  title = {Probability models on rankings},
  journal = {Journal of Mathematical Psychology},
  year = {1991},
  volume = {35},
  pages = {294--318}
  }

@Book{luce1959,
  author =	 {R. Luce},
  title = 	 {Individual choice behaviour: A theoretical analysis},
  publisher = 	 {Wiley},
  year = 	 {1959},
  address =	 {New York}
  }

@Article{caron2012,
  author = 	 {F. Caron and A. Doucet},
  title = 	 {Efficient {B}ayesian inference for generalized {B}radley-{T}erry models},
  journal = 	 {Journal of Computational and Graphical Statistics},
  year = 	 {2012},
  volume =	 {21},
  number =	 {1},
  pages =	 {174--196}
  }

@Book{critchlow1985,
  author =	 {Critchlow, D. E.},
  title = 	 {Metric methods for analyzing partially ranked data},
  publisher = 	 {Springer-Verlag},
  year = 	 {1985},
  address =	 {New York}
  }

@Article{plackett1975,
  author = 	 {R. L. Plackett},
  title = 	 {The analysis of permutations},
  journal = 	 {Applied Statistics},
  year = 	 {1975},
  volume =	 {24},
  pages =	 {193--202}
  }

@misc{wikipedia_masterchef2017,
   author = "Wikipedia",
   title = "MasterChef Australia --- Wikipedia{,} The Free Encyclopedia",
   year = "2017",
   url = "https://en.wikipedia.org/w/index.php?title=MasterChef_Australia&oldid=761024807",
   note = "[Online; accessed 1-February-2017]"
 }

@misc{wikipedia_masterchef_australia_series6,
   author = "Wikipedia",
   title = "MasterChef Australia (series 6) --- Wikipedia{,} The Free Encyclopedia",
   year = "2017",
   url = "https://en.wikipedia.org/w/index.php?title=MasterChef_Australia_(series_6)&oldid=762395535",
   note = "[Online; accessed 1-February-2017]"
 }


@Article{hatzinger2012,
    title = {prefmod: An {R} package for modeling preferences based on paired comparisons, rankings, or ratings},
    author = {R. Hatzinger and R. Dittrich},
    year   = {2012},
    journal = {Journal of Statistical Software},
    volume = {48},
    issue = {10},
    pages = {1--31}
    }

@Article{hankin2017,
  author = 	 {R. K. S. Hankin},
  title = 	 {Partial rank data with the \pkg{hyper2} package:
                  {Likelihood} functions for generalized {B}radley-{T}erry models},
  journal = 	 {The \proglang{R} Journal},
  year = 	 {2017},
  volume =	 {9},
  number =	 {2},
  pages =	 {429--439},
  month =	 {December}
  }
@Article{hankin2017_nomarkup,
  author = 	 {R. K. S. Hankin},
  title = 	 {Partial rank data with the {hyper2} package:
                  {Likelihood} functions for generalized {B}radley-{T}erry models},
  journal = 	 {The {R} Journal},
  year = 	 {2017},
  volume =	 {9},
  number =	 {2},
  pages =	 {429--439},
  month =	 {December}
  }

@Article{mastromarco2009,
  author = 	 {C. Mastromarco and M. Runkel},
  title = 	 {Rule changes and competitive balance in Formula One motor racing},
  journal = 	 {Applied Economics},
  year = 	 {2009},
  volume =	 {41},
  number =	 {23},
  pages =	 {3003--3014}
}


@misc{johnson2020,
   author = {{Johnson}, S.~R. and {Henderson}, D.~A. and {Boys}, R.~J.},
    title = "On {Bayesian} inference for the Extended {Plackett}-{Luce} model",
archivePrefix = "arXiv",
   eprint = {2002.05953},
     year = 2020,
    month = feb,
      doi = {https://arxiv.org/abs/2002.05953}
      }

@Article{jenkins2010,
  author = 	 {M. Jenkins},
  title = 	 {Technological discontinuities and competitive advantage: A historical perspective on {F}ormula 1 motor racing 1950-2006},
  journal = 	 {Journal of Management Studies},
  year = 	 {2010},
  volume =	 {47},
  number =	 {5},
  pages =	 {884-910},
  month =	 {July}
  }

@Book{codling2017,
  author =	 {S. Codling},
  title = 	 {Speed read {F1}},
  publisher = 	 {Motorbooks},
  year = 	 {2017},
  note =	 {ISBN 978-0-7603-5562-6}
}

@Article{debreu1960,
  author = 	 {G. Debreu},
  title = 	 {Individual choice behavior: a theoretical analysis (review)},
  journal = 	 {The American Economic Review},
  year = 	 {1960},
  volume =	 {50},
  number =	 {1},
  pages =	 {186--188},
  month =	 {March}
}

@Article{moul2009,
  author = 	 {C. C. Moul and J. V. C. Nye},
  title = 	 {Did the {S}oviets collude? {A} statistical analysis of championship chess 1940-1978},
  journal = 	 {Journal of Economic Behavior and Organization},
  year = 	 {2009},
  volume =	 {70},
  pages =	 {10--21},
  doi =          {10.1016/j.jebo.2009.01.009}
}

@Article{boksem2008,
  author = 	 {M. A. S. Boksem and M. Tops},
  title = 	 {Mental fatigue: Costs and benefits},
  journal = 	 {Brain Research Reviews},
  year = 	 {2008},
  volume =	 {59},
  pages =	 {125--139}
  }

@Article{linden2003,
  author = 	 {{van der Linden},D. and M. Frese and T. F. Meijman},
  title = 	 {Mental fatigue and the control of cognitive processes: effects on perseveration and planning},
  journal = 	 {Acta Psychological},
  year = 	 {2003},
  volume =	 {113},
  pages =	 {45--65}
  }

@Article{szymanski2003,
  author = 	 {S. Szymanski},
  title = 	 {The economic design of sporting contests},
  journal = 	 {Journal of Economic Literature},
  year = 	 {2003},
  volume =	 {41},
  number =	 {4},
  pages =	 {1137--1187},
  month =	 {December}
  }

@Article{davidson1970,
  author = 	 {R. R. Davidson},
  title = 	 {On extending the {B}radley-{T}erry model to accommodate ties in paired comparison experiments},
  journal = 	 {Journal of the American Statistical Association},
  year = 	 {1970},
  volume =	 {65},
  number =	 {329},
  pages =	 {317--328},
  month =	 {March}
  }

@Article{joe1990,
  author = 	 {H. Joe},
  title = 	 {Extended use of paired comparison models, with application to chess ranking},
  journal = 	 {Journal of the Royal Statistical Society.  Series C (Applied Statistics)},
  year = 	 {1990},
  volume =	 {39},
  number =	 {1},
  pages =	 {85--93}
  }

@TechReport{langer2013,
  author = 	 {{Mueller-Langer}, F. and P. Andreoli-Versbach},
  title = 	 {Leading-effect vs risk-taking in dynamic tournaments: evidence from a real-life randomized experiment},
  institution =  {University of Munich, Department of Economics},
  year = 	 {2013},
  type =	 {Discussion paper},
  number =	 {2013-6}
  }

@Article{bradley1952,
  author = 	 {R. A. Bradley and M. E. Terry},
  title = 	 {Rank analysis of incomplete block designs: {I}.  {T}he method of paired comparisons},
  journal = 	 {Biometrika},
  year = 	 {1952},
  volume =	 {39},
  number =	 {3/4},
  pages =	 {324--345},
  month =	 {December}
  }

@Article{west2008,
  author = 	 {L. J. West and R. K. S. Hankin},
  title = 	 {Exact tests for two-way contingency tables including structural zeros},
  journal = 	 {Journal of Statistical Software},
  year = 	 {2008},
  volume =	 {28},
  number =	 {11},
  pages =	 {1-19},
  month =	 {December}
  }

@Article{hankin2010,
  author = 	 {R. K. S. Hankin},
  title = 	 {A generalization of the {D}irichlet distribution},
  journal = 	 {Journal of Statistical Software},
  year = 	 {2010},
  volume =	 {33},
  number =	 {11},
  pages =	 {1-18},
  month =	 {February}
}

@Article{lazear1981,
    title = {Rank-order tournaments as optimum labour contracts},
    author = {E. P. Lazear and S. Rosen},
    journal = {The Journal of Political Economy},
    year = {1981},
    volume = {89},
    number = {5},
    pages = {841--864},
    month = {October}
  }

@Book{warshaw2010,
  author =	 {M. Warshaw},
  title = 	 {A brief history of surfing},
  publisher = 	 {Chronicle Books},
  year = 	 {2010}
}

@Article{booth1995,
  author = 	 {D. Booth},
  title = 	 {Ambiguities in pleasure and discipline: The development of competitive surfing},
  journal = 	 {Journal of Sport},
  year = 	 {1995},
  volume =	 {22},
  number =	 {3},
  pages =	 {189--206}
  }

@Misc{wsl,
  author =	 {{World Surf League}},
  title =	 {Rules and regulations},
  howpublished = {online, \url{https://www.worldsurfleague.com/pages/rules-and-regulations}},
  year =         {2021}
  }

@Article{farley2013,
  author = 	 {O. R. L. Farley and E. Raymond and J. L. Secomb and B. Ferrier and L. Lundgren and T. T Tran and C. Abbiss and J. M. Sheppard},
  title = 	 {Scoring Analysis of the {M}en's 2013 {W}orld {C}hampionship {T}our of {S}urfing},
  journal = 	 {The International Journal of Aquatic Research and Education},
  year = 	 {2015},
  volume =	 {9},
  number =	 {1},
  pages =	 {38--48}
  }

@Article{lundgren2014,
  author = 	 {L. E. Lundgren and R. U. Newton and T. T. Trin and M. Dunn and S. Simphius},
  title = 	 {Analysis of manoeuvres and scoring in competitive surfing},
  journal = 	 {International Journal of Sports Science and Coaching},
  year = 	 {2014},
  volume =	 {9},
  number =	 {4},
  pages =	 {663--669},
  month =	 {September}
  }

@Article{basu1977,
  author = 	 {D. Basu},
  title = 	 {On the Elimination of Nuisance Parameters},
  journal = 	 {Journal of the American Statistical Association},
  year = 	 {1977},
  volume =	 {77},
  pages =	 {355--366}
  }


@Article{douglas2020,
  author = 	 {A. Douglas-Rosa},
  title = 	 {The perfect storm},
  journal = 	 {Surfer},
  year = 	 {2020},
  OPTkey = 	 {},
  number =	 {2},
  volume =       {61},
  pages =	 {70--79},
  month =	 {Summer}
  }

@Misc{tulloch2019,
  author =	 {A. Tulloch},
  title =	 {Italo {F}erreira clinches first {WSL} world title and {T}okyo 2020 berth},
  howpublished = "Olympic News (IOC), \url{https://olympics.com/en/news/surfing-italo-ferreira-wsl-world-title-olympic-berth}",
  month =	 {December},
  year =	 {2019}
}

@Misc{ho2021,
  author =	 {S. Ho},
  title =	 {The ugly truths surfing's {O}lympic debut can't hide},
  month =	 {July},
  year =	 {2021},
  howpublished = {Online, \url{https://www.stuff.co.nz/sport/olympics/125770695/the-ugly-truths-surfings-olympic-debut-cant-hide}}
}

@Misc{burgess2020,
  author =	 {A. Burgess},
  title =	 {Why {B}razilians Dominate the World of Surfing?},
  howpublished = {online; Red Bull Surfing},
  month =	 {August},
  year =	 {2020},
  note =	 {\verb+https://www.youtube.com/watch?v=JI9F0y4V-38&ab_channel=RedBull+},
}

@TechReport{scarfe2003,
  author = 	 {B. E. Scarfe and M. H. S. Elwany and S. T. Mead and K. P. Black},
  title = 	 {The science of surfing waves and surfing breaks - a review},
  institution =  {Scripps Institution of Oceanography},
  year = 	 {2003},
  number =	 {\url{https://escholarship.org/uc/item/6h72j1fz}}
  }

@Book{butt2004,
  author =	 {T. Butt and P. Russell and R. Gregg},
  title = 	 {Surf science: an introduction to waves for surfing},
  publisher = 	 {University of Hawaii Press},
  year = 	 {2004}
  }

@Article{hankin2020,
  author = 	 {R. K. S. Hankin},
  title = 	 {A generalization of the {B}radley-{T}erry model for draws in chess with an application to collusion},
  journal = 	 {Journal of Economic Behavior and Organization},
  year = 	 {2020},
  volume =	 {180},
  pages =	 {325--333}
  }

@Article{aldous2017,
  author = 	 {D. Aldous},
  title = 	 {{E}lo ratings and the sports model: {A} neglected topic in applied probability?},
  journal = 	 {Statistical Science},
  year = 	 {2017},
  volume =	 {32},
  number =	 {4},
  pages =	 {616--629}
  }

@Article{kilgour1997,
  author = 	 {D. M. Kilgour and S. J. Brams},
  title = 	 {The Truel},
  journal = 	 {The Mathematics Magazine},
  year = 	 {1997},
  volume =	 {70},
  number =	 {5},
  pages =	 {315--326}
  }

@Article{chipman1960,
  author = 	 {J. S. Chipman},
  title = 	 {The foundations of utility},
  journal = 	 {Econometrica},
  year = 	 {1960},
  volume =	 {28},
  number =	 {2},
  pages =	 {193--224},
  month =	 {April}
  }

@Book{alvo2010,
  author =	 {M. Alvo and P. L. H. Yu},
  title = 	 {Statistical methods for ranking data},
  publisher = 	 {Springer},
  year = 	 {2010}
  }

@Article{wilcoxon1945,
  author = 	 {F. Wilcoxon},
  title = 	 {Individual comparisons by ranking methods},
  journal = 	 {Biometrics Bulletin},
  year = 	 {1945},
  volume =	 {1},
  number =	 {6},
  pages =	 {80--83},
  month =	 {December}
  }

@Article{mann1947,
  author = 	 {H. B. Mann and D. R. Whitney},
  title = 	 {On a test of whether one of two random variables is stochastically larger than the other},
  journal = 	 {Ann. Math. Statist.},
  year = 	 {1947},
  volume =	 {18},
  number =	 {1},
  pages =	 {50--60},
  month =	 {March}
  }

@Article{mollica2014,
  author = 	 {C. Mollica and L. Tardella},
  title = 	 {Epitope profiling via mixture modeling of ranked data},
  journal = 	 {Statistics in Medicine},
  year = 	 {2014},
  volume =	 {33},
  pages =	 {3738--3758}
  }

@Article{turner2020,
    title =   {Modelling Rankings in {R}: The {PlackettLuce} Package},
    author =  {Heather L. Turner and Jacob {van Etten} and David Firth
      and Ioannis Kosmidis},
    journal = {Computational Statistics},
    year =    {2020},
    volume =  {35},
    pages =   {1027--1057},
    url =     {https://doi.org/10.1007/s00180-020-00959-3},
    doi =     {10.1007/s00180-020-00959-3},
  }

@Book{hollander2013,
  author =	 {M. Hollander and D. A. Wolf and E. Chicken},
  title = 	 {Nonparametric statistical methods},
  publisher = 	 {John Wiley},
  year = 	 {2013},
  edition =      {3rd},
  note =	 {ISBN 9780470387375},
}

@Article{ahmad1996,
  author = 	 {I. A. Ahmad},
  title = 	 {A class of {M}ann-Whitney-{W}ilcoxon type statistics},
  journal = 	 {The American Statistician},
  year = 	 {1996},
  volume =	 {50},
  number =	 {4},
  pages =	 {324--327},
  month =	 {November}
  }

  @Manual{hankin2022,
    title = {\pkg{disordR}: Non-Ordered Vectors},
    author = {R. K. S. Hankin},
    year = {2022},
    note = {\proglang{R} package version 0.0-9-2},
    url = {https://github.com/RobinHankin/disordR},
  }

@Article{davidson1977,
  author = 	 {R. R. Davidson and R. J. Beaver},
  title = 	 {On extending the {B}radley-{T}erry model to incorporate within-pair order effects},
  journal = 	 {Biometrics},
  year = 	 {1977},
  volume =	 {33},
  pages =	 {693--702},
  number =       {4},
  month = 	 {December}
  }

@Article{hunter2004,
  author = 	 {D. R. Hunter},
  title = 	 {{M}{M} algorithms for generalized {B}radley-{T}erry models},
  journal = 	 {The Annals of Statistics},
  year = 	 {2004},
  volume =	 {32},
  number =	 {1},
  pages =	 {384--406}
  }

@Article{allison1994,
  author = 	 {P. D. Allison and N. A. Christakis},
  title = 	 {Logit models for sets of ranked items},
  journal = 	 {Sociological Methodology},
  year = 	 {1994},
  volume =	 {24},
  pages =	 {199--228}
  }
                  
@Article{baker1994,
  author = 	 {S. G. Baker},
  title = 	 {The multinomial-{P}oisson transformation},
  journal = 	 {The Statistician},
  year = 	 {1994},
  volume =	 {43},
  number =	 {4},
  pages =	 {495--504}
}

@Manual{maystre2022,
  title = 	 {\pkg{choix}: inference algorithms for models based on {L}uce's choice axiom},
  author =	 {L. Maystre},
  year =	 {2022},
  note =	 {\proglang{Python} package version 0.3.5},
  url =          {https://github.com/lucasmaystre/choix}
}

@Article{smith2017,
    journal = {Comprehensive R Archive Network},
    author = {Martin R. Smith},
    title = {Ternary: An R Package for Creating Ternary Plots},
    year = {2017},
    doi = {10.5281/zenodo.1068996}
  }
