@InProceedings{bakhrankova2011,
  author = 	 {K. Bakhrankova},
  title = 	 {Points Scoring Systems in {F}ormula 1: A Game Theoretic Perspective},
  booktitle =	 {Operations Research Proceedings},
  year =	 {2011},
  editor =	 {D. Klatte},
  pages =	 {211--216},
  publisher =	 {Springer-Verlag}
  }
                  
@Article{bradley1952,
  author = 	 {R. A. Bradley},
  title = 	 {Incomplete Block Rank Analysis: On the Appropriateness of the Model for a Method of Paired Comparisons},
  journal = 	 {Biometrics},
  year = 	 {1952},
  volume =	 {10},
  number =	 {3},
  pages =	 {375--390},
  month =	 {September}
}
                  
@Book{codling2017,
  author =	 {S. Codling},
  title = 	 {Speed read {F1}},
  publisher = 	 {Motorbooks},
  year = 	 {2017},
  note =	 {ISBN 978-0-7603-5562-6}
}
                  
@article{hankin2010,
  title        = "A Generalization of the {D}irichlet Distribution",
  author       = "R. K. S. Hankin",
  journal      = "Journal of Statistical Software",
  year         = "2010",
  volume       = "33",
  number       = "11",
  pages        = "1--18",
  url          = "http://www.jstatsoft.org/v33/i11/"
}
                  
@Article{hankin2017,
  author = 	 {R. K. S. Hankin},
  title = 	 {Partial rank data with the {hyper2} package:
                  likelihood functions for generalized {B}radley-{T}erry models},
  journal = 	 {The R Journal},
  year = 	 {2017},
  volume =	 {9},
  number =	 {2},
  pages =	 {429--439},
  month =	 {December}
  }

@Article{jenkins2010,
  author = 	 {M. Jenkins},
  title = 	 {Technological discontinuities and competitive advantage: a historical perspective on {F}ormula 1 motor racing 1950-2006},
  journal = 	 {Journal of Management Studies},
  year = 	 {2010},
  volume =	 {47},
  number =	 {5},
  pages =	 {884-910},
  month =	 {July}
  }
                  
@article{johnson2020,
   author = {{Johnson}, S.~R. and {Henderson}, D.~A. and {Boys}, R.~J.},
    title = "On {B}ayesian inference for the Extended {P}lackett-{L}uce model",
archivePrefix = "arXiv",
   eprint = {2002.05953},
     year = 2020,
    month = feb,
      doi = {https://arxiv.org/abs/2002.05953}
      }
                  
@Book{luce1959,
  author =	 {R. Luce},
  title = 	 {Individual choice behaviour: A theoretical analysis},
  publisher = 	 {Wiley},
  year = 	 {1959},
  address =	 {New York}
  }
                  
@Article{mastromarco2009,
  author = 	 {C. Mastromarco and M. Runkel},
  title = 	 {Rule changes and competitive balance in {F}ormula {O}ne motor racing},
  journal = 	 {Applied Economics},
  year = 	 {2009},
  volume =	 {41},
  number =	 {23},
  pages =	 {3003--3014}
}

@Article{plackett1975,
  author = 	 {R. L. Plackett},
  title = 	 {The analysis of permutations},
  journal = 	 {Applied Statistics},
  year = 	 {1975},
  volume =	 {24},
  pages =	 {193--202}
  }

@Misc{gayrees2019,
  title =	 {{F}ormula 1: drive to survive},
  howpublished = {Netflix documentary},
  year =	 {2019},
  author =	 {James Gay-Rees},
  url =          {https://www.netflix.com/title/80204890}
}

@Book{zipf1949,
  author =	 {G. Zipf},
  title = 	 {Human Behavior and the Principle of Least Effort},
  publisher = 	 {Addison-Wesley},
  year = 	 {1949}
}

@Misc{wood2020,
  author =	 {E. Wood},
  OPTtitle = 	 {When points systems played a part in history},
  month =	 {April},
  year =	 {2020},
  note =	 {{F}ormula {S}cout (published online)},
url = {https://formulascout.com/when-points-systems-played-a-part-in-history/60905},
}




@Book{emerson2007,
  author =	 {P. Emerson},
  title = 	 {Designing an All-Inclusive Democracy---Consensual Voting Procedures for use in Parliaments, Councils and Committees},
  publisher = 	 {Springer-Verlag},
  year = 	 {2007},
  note =	 {{I}{S}{B}{N} 978-3-540-33163-6}
}
                  
@Article{mollica2014,
  author = 	 {C. Mollica and L. Tardella},
  title = 	 {Epitope profiling via mixture modeling of ranked data},
  journal = 	 {Statistics in Medicine},
  year = 	 {2014},
  volume =	 {33},
  pages =	 {3738--3758}
  }
                  
@Article{lazear1981,
    title = {Rank-order tournaments as optimum labour contracts},
    author = {E. P. Lazear and S. Rosen},
    journal = {The Journal of Political Economy},
    year = {1981},
    volume = {89},
    number = {5},
    pages = {841--864},
    month = {October}
  }

@Article{hankin2020,
  author = 	 {R. K. S. Hankin},
  title = 	 {A generalization of the {B}radley-{T}erry model for draws in chess with an application to collusion},
  journal = 	 {Journal of Economic Behavior and Organization},
  year = 	 {2020},
  volume =	 {180},
  pages =	 {325--333}
  }

