../vignettes/hyper2.bib