@Article{ahmad1996,
  author = 	 {I. A. Ahmad},
  title = 	 {A {C}lass of {M}ann-Whitney-{W}ilcoxon {T}ype Statistics},
  journal = 	 {The American Statistician},
  year = 	 {1996},
  volume =	 {50},
  number =	 {4},
  pages =	 {324--327},
  month =	 {November},
  doi   =        {https://doi.org/10.1080/00031305.1996.10473561}
}

@Article{allison1994,
  author = 	 {P. D. Allison and N. A. Christakis},
  title = 	 {Logit Models for Sets of Ranked Items},
  journal = 	 {Sociological Methodology},
  year = 	 {1994},
  volume =	 {24},
  pages =	 {199--228},
  doi =          {https://doi.org/10.2307/270983}
}
                  
@Article{baker1994,
  author = 	 {S. G. Baker},
  title = 	 {The Multinomial-{P}oisson Transformation},
  journal = 	 {The Statistician},
  year = 	 {1994},
  volume =	 {43},
  number =	 {4},
  pages =	 {495--504},
  doi =          {https://doi.org/10.2307/2348134}
}

@Book{codling2017,
  author =	 {S. Codling},
  title = 	 {Speed Read {F1}},
  publisher = 	 {Motorbooks},
  year = 	 {2017},
  note =	 {ISBN 978-0-7603-5562-6}
}

@Book{edwards1972,
  author =	 {A. W. F. Edwards},
  title = 	 {Likelihood},
  publisher = 	 {John Hopkins University Press},
  year = 	 {1972}
  }

@Article{firth2005,
    title = {{B}radley-{T}erry Models in \proglang{R}},
    author = {David Firth},
    journal = {Journal of Statistical Software},
    year = {2005},
    volume = {12},
    number = {1},
    month = {January},
    doi = {https://doi.org/10.18637/jss.v012.i01}
  }
  
@Manual{hankin2009,
    title = {\pkg{hyperdirichlet}: A Generalization of the Dirichlet Distribution},
    author = {R. K. S. Hankin},
    year = {2009},
    note = {\proglang{R} package},
    url = {https://CRAN.R-project.org/package=hyperdirichlet}
}

@Article{hankin2010,
  author = 	 {R. K. S. Hankin},
  title = 	 {A Generalization of the {D}irichlet distribution},
  journal = 	 {Journal of Statistical Software},
  year = 	 {2010},
  volume =	 {33},
  number =	 {11},
  pages =	 {1-18},
  month =	 {February},
  doi =          {https://doi.org/10.18637/jss.v033.i11}
}

@Article{hankin2017,
  author = 	 {R. K. S. Hankin},
  title = 	 {Partial Rank Data with the \pkg{hyper2} Package:
                  {Likelihood} {Functions} for Generalized {B}radley-{T}erry {Models}},
  journal = 	 {The \proglang{R} Journal},
  year = 	 {2017},
  volume =	 {9},
  number =	 {2},
  pages =	 {429--439},
  month =	 {December},
  doi =          {https://doi.org/10.32614/rj-2017-061}
  }
                  
@Article{hankin2020,
  author = 	 {R. K. S. Hankin},
  title = 	 {A Generalization of the {B}radley-{T}erry Model for Draws in Chess with an Application to Collusion},
  journal = 	 {Journal of Economic Behavior and Organization},
  year = 	 {2020},
  volume =	 {180},
  pages =	 {325--333},
  doi =          {https://doi.org/10.1016/j.jebo.2020.10.015}
}

@misc{hankin2022,
      title = {Disordered Vectors in \proglang{R}: Introducing the \pkg{disordR} Package}, 
      author = {R. K. S. Hankin},
      year = {2022},
      archivePrefix = {arXiv},
      primaryClass = {cs.SC},
      note = {{arXiv} preprint},
      doi = {https://doi.org/10.48550/arXiv.2210.03856},
      url = {https://github.com/RobinHankin/disordR},
}
                  
@Book{hollander2013,
  author =	 {M. Hollander and D. A. Wolfe and E. Chicken},
  title = 	 {Nonparametric Statistical Methods},
  publisher = 	 {John Wiley},
  year = 	 {2013},
  edition =      {3rd},
  note =	 {ISBN 9780470387375},
  doi =          {https://doi.org/10.1002/9781119196037}
}
                  
@Article{hunter2004,
  author = 	 {D. R. Hunter},
  title = 	 {{M}{M} Algorithms for Generalized {B}radley-{T}erry Models},
  journal = 	 {The Annals of Statistics},
  year = 	 {2004},
  volume =	 {32},
  number =	 {1},
  pages =	 {384--406},
  doi =          {https://doi.org/10.1214/aos/1079120141}
  }

@Article{jenkins2010,
  author = 	 {M. Jenkins},
  title = 	 {Technological Discontinuities and Competitive Advantage: A Historical Perspective on {F}ormula 1 Motor Racing 1950-2006},
  journal = 	 {Journal of Management Studies},
  year = 	 {2010},
  volume =	 {47},
  number =	 {5},
  pages =	 {884-910},
  month =	 {July},
  doi =          {https://doi.org/10.1111/j.1467-6486.2010.00928.x}
  }

@Article{mann1947,
  author = 	 {H. B. Mann and D. R. Whitney},
  title = 	 {On a Test of Whether One of Two Random Variables is Stochastically Larger than the Other},
  journal = 	 {Ann. Math. Statist.},
  year = 	 {1947},
  volume =	 {18},
  number =	 {1},
  pages =	 {50--60},
  month =	 {March},
  doi =          {https://doi.org/10.1214/aoms/1177730491}
  }

@Manual{maystre2022,
  title = 	 {\pkg{choix}: Inference Algorithms for Models Based on {L}uce's Choice Axiom},
  author =	 {L. Maystre},
  year =	 {2022},
  note =	 {\proglang{Python} package version 0.3.5},
  url =          {https://github.com/lucasmaystre/choix}
}

@Article{mollica2014,
  author = 	 {C. Mollica and L. Tardella},
  title = 	 {Epitope Profiling Via Mixture Modeling of Ranked Data},
  journal = 	 {Statistics in Medicine},
  year = 	 {2014},
  volume =	 {33},
  pages =	 {3738--3758},
  doi =          {https://doi.org/10.1002/sim.6224}
  }

@Book{ohagan2004,
  author =	 {A. O'Hagan and J. Forster},
  title = 	 {Kendall's Advanced Theory of Statistics, Volume 2{B}: {B}ayesian Inference},
  publisher = 	 {John Wiley \& Sons},
  edition =      {2nd},
  year = 	 {2004},
  doi =          {https://doi.org/10.1111/j.1467-985x.2004.00347_15.x}
  }
                  
@Article{plackett1975,
  author = 	 {R. L. Plackett},
  title = 	 {The Analysis of Permutations},
  journal = 	 {Applied Statistics},
  year = 	 {1975},
  volume =	 {24},
  pages =	 {193--202},
  doi =          {https://doi.org/10.2307/2346567}
  }

@Manual{rcore2023,
    title = {\proglang{R}: A Language and Environment for Statistical Computing},
    author = {{\proglang{R} {Core} {Team}}},
    organization = {\proglang{R} {Foundation} for {Statistical} {Computing}},
    address = {Vienna, Austria},
    year = {2023},
    url = {https://www.R-project.org/},
  }

@Article{turner2012,
    title = {{B}radley-{T}erry Models in \proglang{R}: The \pkg{BradleyTerry2} Package},
    author = {Heather Turner and David Firth},
    journal = {Journal of Statistical Software},
    year = {2012},
    volume = {48},
    number = {9},
    pages = {1--21},
    doi = {10.18637/jss.v033.i11}
  }
                  
@Article{turner2020,
    title =   {Modelling Rankings in \proglang{R}: The \pkg{PlackettLuce} Package},
    author =  {Heather L. Turner and Jacob {van Etten} and David Firth
      and Ioannis Kosmidis},
    journal = {Computational Statistics},
    year =    {2020},
    volume =  {35},
    pages =   {1027--1057},
    url =     {https://doi.org/10.1007/s00180-020-00959-3},
    doi =     {10.1007/s00180-020-00959-3},
  }
                  
@Article{wilcoxon1945,
  author = 	 {F. Wilcoxon},
  title = 	 {Individual Comparisons by Ranking Methods},
  journal = 	 {Biometrics Bulletin},
  year = 	 {1945},
  volume =	 {1},
  number =	 {6},
  pages =	 {80--83},
  month =	 {December},
  doi =          {https://doi.org/10.2307/3001968}
  }





