@Book{luce1959,
  author =	 {R. Luce},
  title = 	 {Individual Choice Behaviour: A Theoretical Analysis},
  publisher = 	 {Wiley},
  year = 	 {1959},
  address =	 {New York}
  }

@Article{plackett1975,
  author = 	 {R. L. Plackett},
  title = 	 {The Analysis of Permutations},
  journal = 	 {Applied Statistics},
  year = 	 {1975},
  volume =	 {24},
  pages =	 {193--202}
  }
                  
@Article{bradley1952,
  author = 	 {R. A. Bradley and M. E. Terry},
  title = 	 {The Rank Analysis of Incomplete Block Designs I.  The Method of Paired Comparisons},
  journal = 	 {Biometrika},
  year = 	 {1952},
  volume =	 {39},
  pages =	 {324--345}
}
                  
@Book{zipf1949,
  author =	 {G. Zipf},
  title = 	 {Human Behavior and the Principle of Least Effort},
  publisher = 	 {Addison-Wesley},
  year = 	 {1949}
}

@Article{hankin2017_rmd,
  author = 	 {R. K. S. Hankin},
  title = 	 {Partial Rank Data with the {\tt hyper2} Package:
                  Likelihood Functions for Generalized {B}radley-{T}erry Models},
  journal = 	 {The R Journal},
  year = 	 {2017},
  volume =	 {9},
  number =	 {2},
  pages =	 {429--439},
  month =	 {December}
  }
                  
@Article{hankin2024_hyper3,
  author = 	 {R. K. S. Hankin},
  title = 	 {Generalized {P}lackett-{L}uce Likelihoods},
  journal = 	 {Journal of Statistical Software},
  year = 	 {2024},
  volume =	 {109},
  number =	 {8},
  month =	 {May},
  doi =          {10.18637/jss.v109.i08}
}                 

@Book{edwards1992,
  author =	 {A. W. F. Edwards},
  title = 	 {Likelihood (Expanded Edition)},
  publisher = 	 {John Hopkins},
  year = 	 {1992}
}

@Book{codling2017,
  author =	 {S. Codling},
  title = 	 {Speed Read {F1}},
  publisher = 	 {Motorbooks},
  year = 	 {2017},
  note =	 {ISBN 978-0-7603-5562-6}
}

@Article{jenkins2010,
  author = 	 {M. Jenkins},
  title = 	 {Technological Discontinuities and Competitive Advantage: a Historical Perspective on {F}Ormula 1 Motor Racing 1950-2006},
  journal = 	 {Journal of Management Studies},
  year = 	 {2010},
  volume =	 {47},
  number =	 {5},
  pages =	 {884-910},
  month =	 {July}
  }

@Article{hankin2023_formula1points,
  author = 	 {R. K. S. Hankin},
  title = 	 {An Objective Assessment of Point Scoring Systems in {F}ormula 1 Motor Racing},
  journal = 	 {International Journal of Motorsport Management},
  year = 	 {2023},
  volume =	 {9},
  number =	 {1}
  }

@Article{hankin2020,
  author = 	 {R. K. S. Hankin},
  title = 	 {A generalization of the {B}radley-{T}erry Model for Draws in Chess with an Application to Collusion},
  journal = 	 {Journal of Economic Behavior and Organization},
  year = 	 {2020},
  volume =	 {180},
  pages =	 {325--333}
  }
                  
@Article{hindley2020,
  author = 	 {D. Hindley},
  title = 	 {``More than Just a Run in the Park'': An Exploration of Parkrun as a Shared Leisure Space},
  journal = 	 {Leisure Sciences},
  year = 	 {2020},
  volume =	 {42},
  number =	 {1},
  pages =	 {85--105}
  }

